%YAML 1.1
%TAG !u! tag:unity3d.com,2011:
--- !u!1 &7980460423108032872
GameObject:
  m_ObjectHideFlags: 0
  m_CorrespondingSourceObject: {fileID: 0}
  m_PrefabInstance: {fileID: 0}
  m_PrefabAsset: {fileID: 0}
  serializedVersion: 6
  m_Component:
  - component: {fileID: 2936073614753135270}
  - component: {fileID: 7331563792393823754}
  m_Layer: 0
  m_Name: VilaCamera
  m_TagString: Untagged
  m_Icon: {fileID: 0}
  m_NavMeshLayer: 0
  m_StaticEditorFlags: 0
  m_IsActive: 1
--- !u!4 &2936073614753135270
Transform:
  m_ObjectHideFlags: 0
  m_CorrespondingSourceObject: {fileID: 0}
  m_PrefabInstance: {fileID: 0}
  m_PrefabAsset: {fileID: 0}
  m_GameObject: {fileID: 7980460423108032872}
  m_LocalRotation: {x: -0, y: -0, z: -0, w: 1}
  m_LocalPosition: {x: 0, y: 0, z: -0.65}
  m_LocalScale: {x: 1, y: 1, z: 1}
  m_Children: []
  m_Father: {fileID: 9163959002225022918}
  m_RootOrder: 1
  m_LocalEulerAnglesHint: {x: 0, y: 0, z: 0}
--- !u!20 &7331563792393823754
Camera:
  m_ObjectHideFlags: 0
  m_CorrespondingSourceObject: {fileID: 0}
  m_PrefabInstance: {fileID: 0}
  m_PrefabAsset: {fileID: 0}
  m_GameObject: {fileID: 7980460423108032872}
  m_Enabled: 1
  serializedVersion: 2
  m_ClearFlags: 1
  m_BackGroundColor: {r: 0.19215687, g: 0.3019608, b: 0.4745098, a: 0}
  m_projectionMatrixMode: 1
  m_SensorSize: {x: 36, y: 24}
  m_LensShift: {x: 0, y: 0}
  m_GateFitMode: 2
  m_FocalLength: 50
  m_NormalizedViewPortRect:
    serializedVersion: 2
    x: 0
    y: 0
    width: 1
    height: 1
  near clip plane: 0.3
  far clip plane: 1000
  field of view: 60
  orthographic: 1
  orthographic size: 5
  m_Depth: 0
  m_CullingMask:
    serializedVersion: 2
    m_Bits: 32768
  m_RenderingPath: -1
  m_TargetTexture: {fileID: 8400000, guid: 8c7cb00efaef21c499f55ee7a7fe91b3, type: 2}
  m_TargetDisplay: 0
  m_TargetEye: 3
  m_HDR: 1
  m_AllowMSAA: 1
  m_AllowDynamicResolution: 0
  m_ForceIntoRT: 0
  m_OcclusionCulling: 1
  m_StereoConvergence: 10
  m_StereoSeparation: 0.022
--- !u!1 &9163959002225022919
GameObject:
  m_ObjectHideFlags: 0
  m_CorrespondingSourceObject: {fileID: 0}
  m_PrefabInstance: {fileID: 0}
  m_PrefabAsset: {fileID: 0}
  serializedVersion: 6
  m_Component:
  - component: {fileID: 9163959002225022918}
  - component: {fileID: 9163959001040533309}
  - component: {fileID: 9163959001040533310}
  m_Layer: 9
  m_Name: "Vil\xE3"
  m_TagString: Untagged
  m_Icon: {fileID: 0}
  m_NavMeshLayer: 0
  m_StaticEditorFlags: 0
  m_IsActive: 1
--- !u!4 &9163959002225022918
Transform:
  m_ObjectHideFlags: 0
  m_CorrespondingSourceObject: {fileID: 0}
  m_PrefabInstance: {fileID: 0}
  m_PrefabAsset: {fileID: 0}
  m_GameObject: {fileID: 9163959002225022919}
  m_LocalRotation: {x: 0, y: 0, z: 0, w: 1}
  m_LocalPosition: {x: 0, y: 0, z: 0}
  m_LocalScale: {x: 1, y: 1, z: 1}
  m_Children:
  - {fileID: 7392915267815879853}
  - {fileID: 2936073614753135270}
  m_Father: {fileID: 0}
  m_RootOrder: 0
  m_LocalEulerAnglesHint: {x: 0, y: 0, z: 0}
--- !u!60 &9163959001040533309
PolygonCollider2D:
  m_ObjectHideFlags: 0
  m_CorrespondingSourceObject: {fileID: 0}
  m_PrefabInstance: {fileID: 0}
  m_PrefabAsset: {fileID: 0}
  m_GameObject: {fileID: 9163959002225022919}
  m_Enabled: 1
  m_Density: 1
  m_Material: {fileID: 0}
  m_IsTrigger: 1
  m_UsedByEffector: 0
  m_UsedByComposite: 0
  m_Offset: {x: 1.61, y: 0}
  m_SpriteTilingProperty:
    border: {x: 0, y: 0, z: 0, w: 0}
    pivot: {x: 0, y: 0}
    oldSize: {x: 0, y: 0}
    newSize: {x: 0, y: 0}
    adaptiveTilingThreshold: 0
    drawMode: 0
    adaptiveTiling: 0
  m_AutoTiling: 0
  m_Points:
    m_Paths:
    - - {x: 1.2195364, y: 6.0407715}
      - {x: -2.5949097, y: 6.73938}
      - {x: -2.4892154, y: -3.45401}
      - {x: -1.0494188, y: -3.7215881}
--- !u!114 &9163959001040533310
MonoBehaviour:
  m_ObjectHideFlags: 0
  m_CorrespondingSourceObject: {fileID: 0}
  m_PrefabInstance: {fileID: 0}
  m_PrefabAsset: {fileID: 0}
  m_GameObject: {fileID: 9163959002225022919}
  m_Enabled: 1
  m_EditorHideFlags: 0
  m_Script: {fileID: 11500000, guid: dd0c2c6e9374375449c37ed85664c4db, type: 3}
  m_Name: 
  m_EditorClassIdentifier: 
--- !u!1001 &9163959001756492713
PrefabInstance:
  m_ObjectHideFlags: 0
  serializedVersion: 2
  m_Modification:
    m_TransformParent: {fileID: 9163959002225022918}
    m_Modifications:
    - target: {fileID: 1852111310373410571, guid: 83965d1ed6698dc4ebb053ef490e555b,
        type: 3}
      propertyPath: m_Name
      value: VilaAnimations
      objectReference: {fileID: 0}
    - target: {fileID: 1852111310373410564, guid: 83965d1ed6698dc4ebb053ef490e555b,
        type: 3}
      propertyPath: m_LocalPosition.x
      value: 0.050498962
      objectReference: {fileID: 0}
    - target: {fileID: 1852111310373410564, guid: 83965d1ed6698dc4ebb053ef490e555b,
        type: 3}
      propertyPath: m_LocalPosition.y
      value: 0.8399048
      objectReference: {fileID: 0}
    - target: {fileID: 1852111310373410564, guid: 83965d1ed6698dc4ebb053ef490e555b,
        type: 3}
      propertyPath: m_LocalPosition.z
      value: -0.01953125
      objectReference: {fileID: 0}
    - target: {fileID: 1852111310373410564, guid: 83965d1ed6698dc4ebb053ef490e555b,
        type: 3}
      propertyPath: m_LocalRotation.x
      value: -0
      objectReference: {fileID: 0}
    - target: {fileID: 1852111310373410564, guid: 83965d1ed6698dc4ebb053ef490e555b,
        type: 3}
      propertyPath: m_LocalRotation.y
      value: -0
      objectReference: {fileID: 0}
    - target: {fileID: 1852111310373410564, guid: 83965d1ed6698dc4ebb053ef490e555b,
        type: 3}
      propertyPath: m_LocalRotation.z
      value: -0
      objectReference: {fileID: 0}
    - target: {fileID: 1852111310373410564, guid: 83965d1ed6698dc4ebb053ef490e555b,
        type: 3}
      propertyPath: m_LocalRotation.w
      value: 1
      objectReference: {fileID: 0}
    - target: {fileID: 1852111310373410564, guid: 83965d1ed6698dc4ebb053ef490e555b,
        type: 3}
      propertyPath: m_RootOrder
      value: 0
      objectReference: {fileID: 0}
    - target: {fileID: 1852111310373410564, guid: 83965d1ed6698dc4ebb053ef490e555b,
        type: 3}
      propertyPath: m_LocalEulerAnglesHint.x
      value: 0
      objectReference: {fileID: 0}
    - target: {fileID: 1852111310373410564, guid: 83965d1ed6698dc4ebb053ef490e555b,
        type: 3}
      propertyPath: m_LocalEulerAnglesHint.y
      value: 0
      objectReference: {fileID: 0}
    - target: {fileID: 1852111310373410564, guid: 83965d1ed6698dc4ebb053ef490e555b,
        type: 3}
      propertyPath: m_LocalEulerAnglesHint.z
      value: 0
      objectReference: {fileID: 0}
    - target: {fileID: 1852111310373410564, guid: 83965d1ed6698dc4ebb053ef490e555b,
        type: 3}
      propertyPath: m_LocalScale.x
      value: 0.44
      objectReference: {fileID: 0}
    - target: {fileID: 1852111310373410564, guid: 83965d1ed6698dc4ebb053ef490e555b,
        type: 3}
      propertyPath: m_LocalScale.y
      value: 0.44
      objectReference: {fileID: 0}
    - target: {fileID: 1852111310373410564, guid: 83965d1ed6698dc4ebb053ef490e555b,
        type: 3}
      propertyPath: m_LocalScale.z
      value: 0.44
      objectReference: {fileID: 0}
    - target: {fileID: 1852111310373410567, guid: 83965d1ed6698dc4ebb053ef490e555b,
        type: 3}
      propertyPath: m_Enabled
      value: 0
      objectReference: {fileID: 0}
    - target: {fileID: 1852111311564084819, guid: 83965d1ed6698dc4ebb053ef490e555b,
        type: 3}
      propertyPath: m_Layer
      value: 15
      objectReference: {fileID: 0}
    - target: {fileID: 1852111311488291959, guid: 83965d1ed6698dc4ebb053ef490e555b,
        type: 3}
      propertyPath: m_Layer
      value: 15
      objectReference: {fileID: 0}
    - target: {fileID: 1852111311902191008, guid: 83965d1ed6698dc4ebb053ef490e555b,
        type: 3}
      propertyPath: m_Layer
      value: 15
      objectReference: {fileID: 0}
    - target: {fileID: 1852111312375851236, guid: 83965d1ed6698dc4ebb053ef490e555b,
        type: 3}
      propertyPath: m_Layer
      value: 15
      objectReference: {fileID: 0}
    - target: {fileID: 1852111312222536056, guid: 83965d1ed6698dc4ebb053ef490e555b,
        type: 3}
      propertyPath: m_Layer
      value: 15
      objectReference: {fileID: 0}
    - target: {fileID: 1852111310506122073, guid: 83965d1ed6698dc4ebb053ef490e555b,
        type: 3}
      propertyPath: m_Layer
      value: 15
      objectReference: {fileID: 0}
    - target: {fileID: 1852111310524050409, guid: 83965d1ed6698dc4ebb053ef490e555b,
        type: 3}
      propertyPath: m_Layer
      value: 15
      objectReference: {fileID: 0}
    - target: {fileID: 1852111310425772900, guid: 83965d1ed6698dc4ebb053ef490e555b,
        type: 3}
      propertyPath: m_Layer
      value: 15
      objectReference: {fileID: 0}
    - target: {fileID: 1852111310764954325, guid: 83965d1ed6698dc4ebb053ef490e555b,
        type: 3}
      propertyPath: m_Layer
      value: 15
      objectReference: {fileID: 0}
    - target: {fileID: 1852111310810488873, guid: 83965d1ed6698dc4ebb053ef490e555b,
        type: 3}
      propertyPath: m_Layer
      value: 15
      objectReference: {fileID: 0}
    - target: {fileID: 1852111310800846708, guid: 83965d1ed6698dc4ebb053ef490e555b,
        type: 3}
      propertyPath: m_Layer
      value: 15
      objectReference: {fileID: 0}
    - target: {fileID: 1852111310933606958, guid: 83965d1ed6698dc4ebb053ef490e555b,
        type: 3}
      propertyPath: m_Layer
      value: 15
      objectReference: {fileID: 0}
    - target: {fileID: 1852111311258788367, guid: 83965d1ed6698dc4ebb053ef490e555b,
        type: 3}
      propertyPath: m_Layer
      value: 15
      objectReference: {fileID: 0}
    - target: {fileID: 1852111311225028945, guid: 83965d1ed6698dc4ebb053ef490e555b,
        type: 3}
      propertyPath: m_Layer
      value: 15
      objectReference: {fileID: 0}
    - target: {fileID: 1852111311564084812, guid: 83965d1ed6698dc4ebb053ef490e555b,
        type: 3}
      propertyPath: m_SortingLayerID
      value: 1474038045
      objectReference: {fileID: 0}
    - target: {fileID: 1852111311564084812, guid: 83965d1ed6698dc4ebb053ef490e555b,
        type: 3}
      propertyPath: m_SortingLayer
      value: 5
      objectReference: {fileID: 0}
    - target: {fileID: 1852111311564084812, guid: 83965d1ed6698dc4ebb053ef490e555b,
        type: 3}
      propertyPath: m_Mesh
      value: 
      objectReference: {fileID: 0}
    - target: {fileID: 1852111311564084812, guid: 83965d1ed6698dc4ebb053ef490e555b,
        type: 3}
      propertyPath: m_Bones.Array.data[0]
      value: 
      objectReference: {fileID: 7392915267791785373}
    - target: {fileID: 1852111311564084812, guid: 83965d1ed6698dc4ebb053ef490e555b,
        type: 3}
      propertyPath: m_Bones.Array.data[1]
      value: 
      objectReference: {fileID: 7392915267536430159}
    - target: {fileID: 1852111311564084812, guid: 83965d1ed6698dc4ebb053ef490e555b,
        type: 3}
      propertyPath: m_Bones.Array.data[2]
      value: 
      objectReference: {fileID: 7392915268212260446}
    - target: {fileID: 1852111311564084812, guid: 83965d1ed6698dc4ebb053ef490e555b,
        type: 3}
      propertyPath: m_RootBone
      value: 
      objectReference: {fileID: 7392915267791785373}
    - target: {fileID: 1852111311564084814, guid: 83965d1ed6698dc4ebb053ef490e555b,
        type: 3}
      propertyPath: m_SortingLayerID
      value: 1474038045
      objectReference: {fileID: 0}
    - target: {fileID: 1852111311564084814, guid: 83965d1ed6698dc4ebb053ef490e555b,
        type: 3}
      propertyPath: m_BoneTransforms.Array.data[0]
      value: 
      objectReference: {fileID: 7392915267791785373}
    - target: {fileID: 1852111311564084814, guid: 83965d1ed6698dc4ebb053ef490e555b,
        type: 3}
      propertyPath: m_BoneTransforms.Array.data[1]
      value: 
      objectReference: {fileID: 7392915267536430159}
    - target: {fileID: 1852111311564084814, guid: 83965d1ed6698dc4ebb053ef490e555b,
        type: 3}
      propertyPath: m_BoneTransforms.Array.data[2]
      value: 
      objectReference: {fileID: 7392915268212260446}
    - target: {fileID: 1852111311633563830, guid: 83965d1ed6698dc4ebb053ef490e555b,
        type: 3}
      propertyPath: m_TargetTransform
      value: 
      objectReference: {fileID: 7392915268212260446}
    - target: {fileID: 1852111311633563830, guid: 83965d1ed6698dc4ebb053ef490e555b,
        type: 3}
      propertyPath: m_Solver.m_RootBoneTransform
      value: 
      objectReference: {fileID: 7392915267536430159}
    - target: {fileID: 1852111311633563830, guid: 83965d1ed6698dc4ebb053ef490e555b,
        type: 3}
      propertyPath: m_Solver.m_SolverPoses.Array.data[0].m_BoneTransform
      value: 
      objectReference: {fileID: 7392915267536430159}
    - target: {fileID: 1852111311633563830, guid: 83965d1ed6698dc4ebb053ef490e555b,
        type: 3}
      propertyPath: m_Solver.m_SolverPoses.Array.data[0].solverRotation.z
      value: 0.004272459
      objectReference: {fileID: 0}
    - target: {fileID: 1852111311633563830, guid: 83965d1ed6698dc4ebb053ef490e555b,
        type: 3}
      propertyPath: m_Solver.m_SolverPoses.Array.data[0].solverRotation.w
      value: 0.9999909
      objectReference: {fileID: 0}
    - target: {fileID: 1852111311633563830, guid: 83965d1ed6698dc4ebb053ef490e555b,
        type: 3}
      propertyPath: m_Solver.m_SolverPoses.Array.data[1].m_BoneTransform
      value: 
      objectReference: {fileID: 7392915268212260446}
    - target: {fileID: 1852111311633563830, guid: 83965d1ed6698dc4ebb053ef490e555b,
        type: 3}
      propertyPath: m_Solver.targetPosition.x
      value: -38.5724
      objectReference: {fileID: 0}
    - target: {fileID: 1852111311633563830, guid: 83965d1ed6698dc4ebb053ef490e555b,
        type: 3}
      propertyPath: m_Solver.targetPosition.y
      value: 328.1336
      objectReference: {fileID: 0}
    - target: {fileID: 1852111311490548860, guid: 83965d1ed6698dc4ebb053ef490e555b,
        type: 3}
      propertyPath: m_Length
      value: 2.4460208
      objectReference: {fileID: 0}
    - target: {fileID: 1852111311490548860, guid: 83965d1ed6698dc4ebb053ef490e555b,
        type: 3}
      propertyPath: m_ChildTransform
      value: 
      objectReference: {fileID: 7392915267463598322}
    - target: {fileID: 1852111311488291953, guid: 83965d1ed6698dc4ebb053ef490e555b,
        type: 3}
      propertyPath: m_SortingLayerID
      value: 1474038045
      objectReference: {fileID: 0}
    - target: {fileID: 1852111311488291953, guid: 83965d1ed6698dc4ebb053ef490e555b,
        type: 3}
      propertyPath: m_SortingLayer
      value: 5
      objectReference: {fileID: 0}
    - target: {fileID: 1852111311488291953, guid: 83965d1ed6698dc4ebb053ef490e555b,
        type: 3}
      propertyPath: m_Mesh
      value: 
      objectReference: {fileID: 0}
    - target: {fileID: 1852111311488291953, guid: 83965d1ed6698dc4ebb053ef490e555b,
        type: 3}
      propertyPath: m_Bones.Array.data[0]
      value: 
      objectReference: {fileID: 7392915267742142895}
    - target: {fileID: 1852111311488291953, guid: 83965d1ed6698dc4ebb053ef490e555b,
        type: 3}
      propertyPath: m_Bones.Array.data[1]
      value: 
      objectReference: {fileID: 7392915267114645374}
    - target: {fileID: 1852111311488291953, guid: 83965d1ed6698dc4ebb053ef490e555b,
        type: 3}
      propertyPath: m_Bones.Array.data[2]
      value: 
      objectReference: {fileID: 7392915266922670419}
    - target: {fileID: 1852111311488291953, guid: 83965d1ed6698dc4ebb053ef490e555b,
        type: 3}
      propertyPath: m_Bones.Array.data[3]
      value: 
      objectReference: {fileID: 7392915267949923405}
    - target: {fileID: 1852111311488291953, guid: 83965d1ed6698dc4ebb053ef490e555b,
        type: 3}
      propertyPath: m_Bones.Array.data[4]
      value: 
      objectReference: {fileID: 7392915268262846218}
    - target: {fileID: 1852111311488291953, guid: 83965d1ed6698dc4ebb053ef490e555b,
        type: 3}
      propertyPath: m_Bones.Array.data[5]
      value: 
      objectReference: {fileID: 7392915267448757030}
    - target: {fileID: 1852111311488291953, guid: 83965d1ed6698dc4ebb053ef490e555b,
        type: 3}
      propertyPath: m_RootBone
      value: 
      objectReference: {fileID: 7392915267742142895}
    - target: {fileID: 1852111311488291955, guid: 83965d1ed6698dc4ebb053ef490e555b,
        type: 3}
      propertyPath: m_SortingLayerID
      value: 1474038045
      objectReference: {fileID: 0}
    - target: {fileID: 1852111311488291955, guid: 83965d1ed6698dc4ebb053ef490e555b,
        type: 3}
      propertyPath: m_BoneTransforms.Array.data[0]
      value: 
      objectReference: {fileID: 7392915267742142895}
    - target: {fileID: 1852111311488291955, guid: 83965d1ed6698dc4ebb053ef490e555b,
        type: 3}
      propertyPath: m_BoneTransforms.Array.data[1]
      value: 
      objectReference: {fileID: 7392915267114645374}
    - target: {fileID: 1852111311488291955, guid: 83965d1ed6698dc4ebb053ef490e555b,
        type: 3}
      propertyPath: m_BoneTransforms.Array.data[2]
      value: 
      objectReference: {fileID: 7392915266922670419}
    - target: {fileID: 1852111311488291955, guid: 83965d1ed6698dc4ebb053ef490e555b,
        type: 3}
      propertyPath: m_BoneTransforms.Array.data[3]
      value: 
      objectReference: {fileID: 7392915267949923405}
    - target: {fileID: 1852111311488291955, guid: 83965d1ed6698dc4ebb053ef490e555b,
        type: 3}
      propertyPath: m_BoneTransforms.Array.data[4]
      value: 
      objectReference: {fileID: 7392915268262846218}
    - target: {fileID: 1852111311488291955, guid: 83965d1ed6698dc4ebb053ef490e555b,
        type: 3}
      propertyPath: m_BoneTransforms.Array.data[5]
      value: 
      objectReference: {fileID: 7392915267448757030}
    - target: {fileID: 1852111311927314455, guid: 83965d1ed6698dc4ebb053ef490e555b,
        type: 3}
      propertyPath: m_LocalRotation.z
      value: -0.038896482
      objectReference: {fileID: 0}
    - target: {fileID: 1852111311927314455, guid: 83965d1ed6698dc4ebb053ef490e555b,
        type: 3}
      propertyPath: m_LocalRotation.w
      value: 0.99924326
      objectReference: {fileID: 0}
    - target: {fileID: 1852111311927314455, guid: 83965d1ed6698dc4ebb053ef490e555b,
        type: 3}
      propertyPath: m_LocalEulerAnglesHint.z
      value: -4.458
      objectReference: {fileID: 0}
    - target: {fileID: 1852111311902191010, guid: 83965d1ed6698dc4ebb053ef490e555b,
        type: 3}
      propertyPath: m_SortingLayerID
      value: 1474038045
      objectReference: {fileID: 0}
    - target: {fileID: 1852111311902191010, guid: 83965d1ed6698dc4ebb053ef490e555b,
        type: 3}
      propertyPath: m_SortingLayer
      value: 5
      objectReference: {fileID: 0}
    - target: {fileID: 1852111311902191010, guid: 83965d1ed6698dc4ebb053ef490e555b,
        type: 3}
      propertyPath: m_Mesh
      value: 
      objectReference: {fileID: 0}
    - target: {fileID: 1852111311902191010, guid: 83965d1ed6698dc4ebb053ef490e555b,
        type: 3}
      propertyPath: m_Bones.Array.data[0]
      value: 
      objectReference: {fileID: 7392915267121499483}
    - target: {fileID: 1852111311902191010, guid: 83965d1ed6698dc4ebb053ef490e555b,
        type: 3}
      propertyPath: m_RootBone
      value: 
      objectReference: {fileID: 7392915267121499483}
    - target: {fileID: 1852111311902191068, guid: 83965d1ed6698dc4ebb053ef490e555b,
        type: 3}
      propertyPath: m_SortingLayerID
      value: 1474038045
      objectReference: {fileID: 0}
    - target: {fileID: 1852111311902191068, guid: 83965d1ed6698dc4ebb053ef490e555b,
        type: 3}
      propertyPath: m_BoneTransforms.Array.data[0]
      value: 
      objectReference: {fileID: 7392915267121499483}
    - target: {fileID: 1852111311997752828, guid: 83965d1ed6698dc4ebb053ef490e555b,
        type: 3}
      propertyPath: m_TargetTransform
      value: 
      objectReference: {fileID: 7392915268586903691}
    - target: {fileID: 1852111311997752828, guid: 83965d1ed6698dc4ebb053ef490e555b,
        type: 3}
      propertyPath: m_Solver.m_RootBoneTransform
      value: 
      objectReference: {fileID: 7392915268381851593}
    - target: {fileID: 1852111311997752828, guid: 83965d1ed6698dc4ebb053ef490e555b,
        type: 3}
      propertyPath: m_Solver.m_SolverPoses.Array.data[0].m_BoneTransform
      value: 
      objectReference: {fileID: 7392915268381851593}
    - target: {fileID: 1852111311997752828, guid: 83965d1ed6698dc4ebb053ef490e555b,
        type: 3}
      propertyPath: m_Solver.m_SolverPoses.Array.data[0].solverRotation.z
      value: 0.1354611
      objectReference: {fileID: 0}
    - target: {fileID: 1852111311997752828, guid: 83965d1ed6698dc4ebb053ef490e555b,
        type: 3}
      propertyPath: m_Solver.m_SolverPoses.Array.data[0].solverRotation.w
      value: 0.9907827
      objectReference: {fileID: 0}
    - target: {fileID: 1852111311997752828, guid: 83965d1ed6698dc4ebb053ef490e555b,
        type: 3}
      propertyPath: m_Solver.m_SolverPoses.Array.data[1].m_BoneTransform
      value: 
      objectReference: {fileID: 7392915268586903691}
    - target: {fileID: 1852111311997752828, guid: 83965d1ed6698dc4ebb053ef490e555b,
        type: 3}
      propertyPath: m_Solver.m_SolverPoses.Array.data[1].solverRotation.z
      value: 0
      objectReference: {fileID: 0}
    - target: {fileID: 1852111311997752828, guid: 83965d1ed6698dc4ebb053ef490e555b,
        type: 3}
      propertyPath: m_Solver.m_SolverPoses.Array.data[1].solverRotation.w
      value: 1
      objectReference: {fileID: 0}
    - target: {fileID: 1852111311997752828, guid: 83965d1ed6698dc4ebb053ef490e555b,
        type: 3}
      propertyPath: m_Solver.targetPosition.x
      value: -38.397675
      objectReference: {fileID: 0}
    - target: {fileID: 1852111311997752828, guid: 83965d1ed6698dc4ebb053ef490e555b,
        type: 3}
      propertyPath: m_Solver.targetPosition.y
      value: 328.13696
      objectReference: {fileID: 0}
    - target: {fileID: 1852111312375851232, guid: 83965d1ed6698dc4ebb053ef490e555b,
        type: 3}
      propertyPath: m_SortingLayerID
      value: 1474038045
      objectReference: {fileID: 0}
    - target: {fileID: 1852111312375851232, guid: 83965d1ed6698dc4ebb053ef490e555b,
        type: 3}
      propertyPath: m_BoneTransforms.Array.data[0]
      value: 
      objectReference: {fileID: 7392915268238249388}
    - target: {fileID: 1852111312375851232, guid: 83965d1ed6698dc4ebb053ef490e555b,
        type: 3}
      propertyPath: m_BoneTransforms.Array.data[1]
      value: 
      objectReference: {fileID: 7392915267099563754}
    - target: {fileID: 1852111312375851232, guid: 83965d1ed6698dc4ebb053ef490e555b,
        type: 3}
      propertyPath: m_BoneTransforms.Array.data[2]
      value: 
      objectReference: {fileID: 7392915267135193958}
    - target: {fileID: 1852111312375851232, guid: 83965d1ed6698dc4ebb053ef490e555b,
        type: 3}
      propertyPath: m_BoneTransforms.Array.data[3]
      value: 
      objectReference: {fileID: 7392915268600670717}
    - target: {fileID: 1852111312375851238, guid: 83965d1ed6698dc4ebb053ef490e555b,
        type: 3}
      propertyPath: m_SortingLayerID
      value: 1474038045
      objectReference: {fileID: 0}
    - target: {fileID: 1852111312375851238, guid: 83965d1ed6698dc4ebb053ef490e555b,
        type: 3}
      propertyPath: m_SortingLayer
      value: 5
      objectReference: {fileID: 0}
    - target: {fileID: 1852111312375851238, guid: 83965d1ed6698dc4ebb053ef490e555b,
        type: 3}
      propertyPath: m_Mesh
      value: 
      objectReference: {fileID: 0}
    - target: {fileID: 1852111312375851238, guid: 83965d1ed6698dc4ebb053ef490e555b,
        type: 3}
      propertyPath: m_Bones.Array.data[0]
      value: 
      objectReference: {fileID: 7392915268238249388}
    - target: {fileID: 1852111312375851238, guid: 83965d1ed6698dc4ebb053ef490e555b,
        type: 3}
      propertyPath: m_Bones.Array.data[1]
      value: 
      objectReference: {fileID: 7392915267099563754}
    - target: {fileID: 1852111312375851238, guid: 83965d1ed6698dc4ebb053ef490e555b,
        type: 3}
      propertyPath: m_Bones.Array.data[2]
      value: 
      objectReference: {fileID: 7392915267135193958}
    - target: {fileID: 1852111312375851238, guid: 83965d1ed6698dc4ebb053ef490e555b,
        type: 3}
      propertyPath: m_Bones.Array.data[3]
      value: 
      objectReference: {fileID: 7392915268600670717}
    - target: {fileID: 1852111312375851238, guid: 83965d1ed6698dc4ebb053ef490e555b,
        type: 3}
      propertyPath: m_RootBone
      value: 
      objectReference: {fileID: 7392915268238249388}
    - target: {fileID: 1852111312262416358, guid: 83965d1ed6698dc4ebb053ef490e555b,
        type: 3}
      propertyPath: m_LocalRotation.z
      value: 0.004272459
      objectReference: {fileID: 0}
    - target: {fileID: 1852111312262416358, guid: 83965d1ed6698dc4ebb053ef490e555b,
        type: 3}
      propertyPath: m_LocalRotation.w
      value: 0.9999909
      objectReference: {fileID: 0}
    - target: {fileID: 1852111312262416358, guid: 83965d1ed6698dc4ebb053ef490e555b,
        type: 3}
      propertyPath: m_LocalEulerAnglesHint.z
      value: 0.49
      objectReference: {fileID: 0}
    - target: {fileID: 1852111312222536058, guid: 83965d1ed6698dc4ebb053ef490e555b,
        type: 3}
      propertyPath: m_SortingLayerID
      value: 1474038045
      objectReference: {fileID: 0}
    - target: {fileID: 1852111312222536058, guid: 83965d1ed6698dc4ebb053ef490e555b,
        type: 3}
      propertyPath: m_SortingLayer
      value: 5
      objectReference: {fileID: 0}
    - target: {fileID: 1852111312222536058, guid: 83965d1ed6698dc4ebb053ef490e555b,
        type: 3}
      propertyPath: m_Mesh
      value: 
      objectReference: {fileID: 0}
    - target: {fileID: 1852111312222536058, guid: 83965d1ed6698dc4ebb053ef490e555b,
        type: 3}
      propertyPath: m_Bones.Array.data[0]
      value: 
      objectReference: {fileID: 7392915267370590971}
    - target: {fileID: 1852111312222536058, guid: 83965d1ed6698dc4ebb053ef490e555b,
        type: 3}
      propertyPath: m_Bones.Array.data[1]
      value: 
      objectReference: {fileID: 7392915268083732999}
    - target: {fileID: 1852111312222536058, guid: 83965d1ed6698dc4ebb053ef490e555b,
        type: 3}
      propertyPath: m_Bones.Array.data[2]
      value: 
      objectReference: {fileID: 7392915266634110224}
    - target: {fileID: 1852111312222536058, guid: 83965d1ed6698dc4ebb053ef490e555b,
        type: 3}
      propertyPath: m_Bones.Array.data[3]
      value: 
      objectReference: {fileID: 7392915267878350700}
    - target: {fileID: 1852111312222536058, guid: 83965d1ed6698dc4ebb053ef490e555b,
        type: 3}
      propertyPath: m_RootBone
      value: 
      objectReference: {fileID: 7392915267370590971}
    - target: {fileID: 1852111312222536052, guid: 83965d1ed6698dc4ebb053ef490e555b,
        type: 3}
      propertyPath: m_SortingLayerID
      value: 1474038045
      objectReference: {fileID: 0}
    - target: {fileID: 1852111312222536052, guid: 83965d1ed6698dc4ebb053ef490e555b,
        type: 3}
      propertyPath: m_BoneTransforms.Array.data[0]
      value: 
      objectReference: {fileID: 7392915267370590971}
    - target: {fileID: 1852111312222536052, guid: 83965d1ed6698dc4ebb053ef490e555b,
        type: 3}
      propertyPath: m_BoneTransforms.Array.data[1]
      value: 
      objectReference: {fileID: 7392915268083732999}
    - target: {fileID: 1852111312222536052, guid: 83965d1ed6698dc4ebb053ef490e555b,
        type: 3}
      propertyPath: m_BoneTransforms.Array.data[2]
      value: 
      objectReference: {fileID: 7392915266634110224}
    - target: {fileID: 1852111312222536052, guid: 83965d1ed6698dc4ebb053ef490e555b,
        type: 3}
      propertyPath: m_BoneTransforms.Array.data[3]
      value: 
      objectReference: {fileID: 7392915267878350700}
    - target: {fileID: 1852111310506122075, guid: 83965d1ed6698dc4ebb053ef490e555b,
        type: 3}
      propertyPath: m_SortingLayerID
      value: 1474038045
      objectReference: {fileID: 0}
    - target: {fileID: 1852111310506122075, guid: 83965d1ed6698dc4ebb053ef490e555b,
        type: 3}
      propertyPath: m_SortingLayer
      value: 5
      objectReference: {fileID: 0}
    - target: {fileID: 1852111310506122075, guid: 83965d1ed6698dc4ebb053ef490e555b,
        type: 3}
      propertyPath: m_Mesh
      value: 
      objectReference: {fileID: 0}
    - target: {fileID: 1852111310506122075, guid: 83965d1ed6698dc4ebb053ef490e555b,
        type: 3}
      propertyPath: m_Bones.Array.data[0]
      value: 
      objectReference: {fileID: 7392915266782553886}
    - target: {fileID: 1852111310506122075, guid: 83965d1ed6698dc4ebb053ef490e555b,
        type: 3}
      propertyPath: m_RootBone
      value: 
      objectReference: {fileID: 7392915266782553886}
    - target: {fileID: 1852111310506122069, guid: 83965d1ed6698dc4ebb053ef490e555b,
        type: 3}
      propertyPath: m_SortingLayerID
      value: 1474038045
      objectReference: {fileID: 0}
    - target: {fileID: 1852111310506122069, guid: 83965d1ed6698dc4ebb053ef490e555b,
        type: 3}
      propertyPath: m_BoneTransforms.Array.data[0]
      value: 
      objectReference: {fileID: 7392915266782553886}
    - target: {fileID: 1852111310524050410, guid: 83965d1ed6698dc4ebb053ef490e555b,
        type: 3}
      propertyPath: m_SortingLayerID
      value: 1474038045
      objectReference: {fileID: 0}
    - target: {fileID: 1852111310524050410, guid: 83965d1ed6698dc4ebb053ef490e555b,
        type: 3}
      propertyPath: m_SortingLayer
      value: 5
      objectReference: {fileID: 0}
    - target: {fileID: 1852111310524050410, guid: 83965d1ed6698dc4ebb053ef490e555b,
        type: 3}
      propertyPath: m_Mesh
      value: 
      objectReference: {fileID: 0}
    - target: {fileID: 1852111310524050410, guid: 83965d1ed6698dc4ebb053ef490e555b,
        type: 3}
      propertyPath: m_Bones.Array.data[0]
      value: 
      objectReference: {fileID: 7392915266831706090}
    - target: {fileID: 1852111310524050410, guid: 83965d1ed6698dc4ebb053ef490e555b,
        type: 3}
      propertyPath: m_Bones.Array.data[1]
      value: 
      objectReference: {fileID: 7392915267463598322}
    - target: {fileID: 1852111310524050410, guid: 83965d1ed6698dc4ebb053ef490e555b,
        type: 3}
      propertyPath: m_RootBone
      value: 
      objectReference: {fileID: 7392915266831706090}
    - target: {fileID: 1852111310524050404, guid: 83965d1ed6698dc4ebb053ef490e555b,
        type: 3}
      propertyPath: m_SortingLayerID
      value: 1474038045
      objectReference: {fileID: 0}
    - target: {fileID: 1852111310524050404, guid: 83965d1ed6698dc4ebb053ef490e555b,
        type: 3}
      propertyPath: m_BoneTransforms.Array.data[0]
      value: 
      objectReference: {fileID: 7392915266831706090}
    - target: {fileID: 1852111310524050404, guid: 83965d1ed6698dc4ebb053ef490e555b,
        type: 3}
      propertyPath: m_BoneTransforms.Array.data[1]
      value: 
      objectReference: {fileID: 7392915267463598322}
    - target: {fileID: 1852111310425772896, guid: 83965d1ed6698dc4ebb053ef490e555b,
        type: 3}
      propertyPath: m_SortingLayerID
      value: 1474038045
      objectReference: {fileID: 0}
    - target: {fileID: 1852111310425772896, guid: 83965d1ed6698dc4ebb053ef490e555b,
        type: 3}
      propertyPath: m_BoneTransforms.Array.data[0]
      value: 
      objectReference: {fileID: 7392915268010866218}
    - target: {fileID: 1852111310425772896, guid: 83965d1ed6698dc4ebb053ef490e555b,
        type: 3}
      propertyPath: m_BoneTransforms.Array.data[1]
      value: 
      objectReference: {fileID: 7392915268591152472}
    - target: {fileID: 1852111310425772896, guid: 83965d1ed6698dc4ebb053ef490e555b,
        type: 3}
      propertyPath: m_BoneTransforms.Array.data[2]
      value: 
      objectReference: {fileID: 7392915267822420141}
    - target: {fileID: 1852111310425772896, guid: 83965d1ed6698dc4ebb053ef490e555b,
        type: 3}
      propertyPath: m_BoneTransforms.Array.data[3]
      value: 
      objectReference: {fileID: 7392915266664657164}
    - target: {fileID: 1852111310425772896, guid: 83965d1ed6698dc4ebb053ef490e555b,
        type: 3}
      propertyPath: m_BoneTransforms.Array.data[4]
      value: 
      objectReference: {fileID: 7392915266937320440}
    - target: {fileID: 1852111310425772902, guid: 83965d1ed6698dc4ebb053ef490e555b,
        type: 3}
      propertyPath: m_SortingLayerID
      value: 1474038045
      objectReference: {fileID: 0}
    - target: {fileID: 1852111310425772902, guid: 83965d1ed6698dc4ebb053ef490e555b,
        type: 3}
      propertyPath: m_SortingLayer
      value: 5
      objectReference: {fileID: 0}
    - target: {fileID: 1852111310425772902, guid: 83965d1ed6698dc4ebb053ef490e555b,
        type: 3}
      propertyPath: m_Mesh
      value: 
      objectReference: {fileID: 0}
    - target: {fileID: 1852111310425772902, guid: 83965d1ed6698dc4ebb053ef490e555b,
        type: 3}
      propertyPath: m_Bones.Array.data[0]
      value: 
      objectReference: {fileID: 7392915268010866218}
    - target: {fileID: 1852111310425772902, guid: 83965d1ed6698dc4ebb053ef490e555b,
        type: 3}
      propertyPath: m_Bones.Array.data[1]
      value: 
      objectReference: {fileID: 7392915268591152472}
    - target: {fileID: 1852111310425772902, guid: 83965d1ed6698dc4ebb053ef490e555b,
        type: 3}
      propertyPath: m_Bones.Array.data[2]
      value: 
      objectReference: {fileID: 7392915267822420141}
    - target: {fileID: 1852111310425772902, guid: 83965d1ed6698dc4ebb053ef490e555b,
        type: 3}
      propertyPath: m_Bones.Array.data[3]
      value: 
      objectReference: {fileID: 7392915266664657164}
    - target: {fileID: 1852111310425772902, guid: 83965d1ed6698dc4ebb053ef490e555b,
        type: 3}
      propertyPath: m_Bones.Array.data[4]
      value: 
      objectReference: {fileID: 7392915266937320440}
    - target: {fileID: 1852111310425772902, guid: 83965d1ed6698dc4ebb053ef490e555b,
        type: 3}
      propertyPath: m_RootBone
      value: 
      objectReference: {fileID: 7392915268010866218}
    - target: {fileID: 1852111310764954321, guid: 83965d1ed6698dc4ebb053ef490e555b,
        type: 3}
      propertyPath: m_SortingLayerID
      value: 1474038045
      objectReference: {fileID: 0}
    - target: {fileID: 1852111310764954321, guid: 83965d1ed6698dc4ebb053ef490e555b,
        type: 3}
      propertyPath: m_BoneTransforms.Array.data[0]
      value: 
      objectReference: {fileID: 7392915268380061952}
    - target: {fileID: 1852111310764954327, guid: 83965d1ed6698dc4ebb053ef490e555b,
        type: 3}
      propertyPath: m_SortingLayerID
      value: 1474038045
      objectReference: {fileID: 0}
    - target: {fileID: 1852111310764954327, guid: 83965d1ed6698dc4ebb053ef490e555b,
        type: 3}
      propertyPath: m_SortingLayer
      value: 5
      objectReference: {fileID: 0}
    - target: {fileID: 1852111310764954327, guid: 83965d1ed6698dc4ebb053ef490e555b,
        type: 3}
      propertyPath: m_Mesh
      value: 
      objectReference: {fileID: 0}
    - target: {fileID: 1852111310764954327, guid: 83965d1ed6698dc4ebb053ef490e555b,
        type: 3}
      propertyPath: m_Bones.Array.data[0]
      value: 
      objectReference: {fileID: 7392915268380061952}
    - target: {fileID: 1852111310764954327, guid: 83965d1ed6698dc4ebb053ef490e555b,
        type: 3}
      propertyPath: m_RootBone
      value: 
      objectReference: {fileID: 7392915268380061952}
    - target: {fileID: 1852111310810488874, guid: 83965d1ed6698dc4ebb053ef490e555b,
        type: 3}
      propertyPath: m_SortingLayerID
      value: 1474038045
      objectReference: {fileID: 0}
    - target: {fileID: 1852111310810488874, guid: 83965d1ed6698dc4ebb053ef490e555b,
        type: 3}
      propertyPath: m_SortingLayer
      value: 5
      objectReference: {fileID: 0}
    - target: {fileID: 1852111310810488874, guid: 83965d1ed6698dc4ebb053ef490e555b,
        type: 3}
      propertyPath: m_Mesh
      value: 
      objectReference: {fileID: 0}
    - target: {fileID: 1852111310810488874, guid: 83965d1ed6698dc4ebb053ef490e555b,
        type: 3}
      propertyPath: m_Bones.Array.data[0]
      value: 
      objectReference: {fileID: 7392915267101877908}
    - target: {fileID: 1852111310810488874, guid: 83965d1ed6698dc4ebb053ef490e555b,
        type: 3}
      propertyPath: m_Bones.Array.data[1]
      value: 
      objectReference: {fileID: 7392915267964492531}
    - target: {fileID: 1852111310810488874, guid: 83965d1ed6698dc4ebb053ef490e555b,
        type: 3}
      propertyPath: m_Bones.Array.data[2]
      value: 
      objectReference: {fileID: 7392915267637708056}
    - target: {fileID: 1852111310810488874, guid: 83965d1ed6698dc4ebb053ef490e555b,
        type: 3}
      propertyPath: m_RootBone
      value: 
      objectReference: {fileID: 7392915267101877908}
    - target: {fileID: 1852111310810488868, guid: 83965d1ed6698dc4ebb053ef490e555b,
        type: 3}
      propertyPath: m_SortingLayerID
      value: 1474038045
      objectReference: {fileID: 0}
    - target: {fileID: 1852111310810488868, guid: 83965d1ed6698dc4ebb053ef490e555b,
        type: 3}
      propertyPath: m_BoneTransforms.Array.data[0]
      value: 
      objectReference: {fileID: 7392915267101877908}
    - target: {fileID: 1852111310810488868, guid: 83965d1ed6698dc4ebb053ef490e555b,
        type: 3}
      propertyPath: m_BoneTransforms.Array.data[1]
      value: 
      objectReference: {fileID: 7392915267964492531}
    - target: {fileID: 1852111310810488868, guid: 83965d1ed6698dc4ebb053ef490e555b,
        type: 3}
      propertyPath: m_BoneTransforms.Array.data[2]
      value: 
      objectReference: {fileID: 7392915267637708056}
    - target: {fileID: 1852111310800846709, guid: 83965d1ed6698dc4ebb053ef490e555b,
        type: 3}
      propertyPath: m_SortingLayerID
      value: 1474038045
      objectReference: {fileID: 0}
    - target: {fileID: 1852111310800846709, guid: 83965d1ed6698dc4ebb053ef490e555b,
        type: 3}
      propertyPath: m_SortingLayer
      value: 5
      objectReference: {fileID: 0}
    - target: {fileID: 1852111310800846709, guid: 83965d1ed6698dc4ebb053ef490e555b,
        type: 3}
      propertyPath: m_Mesh
      value: 
      objectReference: {fileID: 0}
    - target: {fileID: 1852111310800846709, guid: 83965d1ed6698dc4ebb053ef490e555b,
        type: 3}
      propertyPath: m_Bones.Array.data[0]
      value: 
      objectReference: {fileID: 7392915266932927422}
    - target: {fileID: 1852111310800846709, guid: 83965d1ed6698dc4ebb053ef490e555b,
        type: 3}
      propertyPath: m_Bones.Array.data[1]
      value: 
      objectReference: {fileID: 7392915268380061952}
    - target: {fileID: 1852111310800846709, guid: 83965d1ed6698dc4ebb053ef490e555b,
        type: 3}
      propertyPath: m_RootBone
      value: 
      objectReference: {fileID: 7392915266932927422}
    - target: {fileID: 1852111310800846711, guid: 83965d1ed6698dc4ebb053ef490e555b,
        type: 3}
      propertyPath: m_SortingLayerID
      value: 1474038045
      objectReference: {fileID: 0}
    - target: {fileID: 1852111310800846711, guid: 83965d1ed6698dc4ebb053ef490e555b,
        type: 3}
      propertyPath: m_BoneTransforms.Array.data[0]
      value: 
      objectReference: {fileID: 7392915266932927422}
    - target: {fileID: 1852111310800846711, guid: 83965d1ed6698dc4ebb053ef490e555b,
        type: 3}
      propertyPath: m_BoneTransforms.Array.data[1]
      value: 
      objectReference: {fileID: 7392915268380061952}
    - target: {fileID: 1852111310880660576, guid: 83965d1ed6698dc4ebb053ef490e555b,
        type: 3}
      propertyPath: m_LocalRotation.z
      value: 0.1354611
      objectReference: {fileID: 0}
    - target: {fileID: 1852111310933606953, guid: 83965d1ed6698dc4ebb053ef490e555b,
        type: 3}
      propertyPath: m_SortingLayerID
      value: 1474038045
      objectReference: {fileID: 0}
    - target: {fileID: 1852111310933606953, guid: 83965d1ed6698dc4ebb053ef490e555b,
        type: 3}
      propertyPath: m_BoneTransforms.Array.data[0]
      value: 
      objectReference: {fileID: 7392915268281350790}
    - target: {fileID: 1852111310933606953, guid: 83965d1ed6698dc4ebb053ef490e555b,
        type: 3}
      propertyPath: m_BoneTransforms.Array.data[1]
      value: 
      objectReference: {fileID: 7392915267561207761}
    - target: {fileID: 1852111310933606953, guid: 83965d1ed6698dc4ebb053ef490e555b,
        type: 3}
      propertyPath: m_BoneTransforms.Array.data[2]
      value: 
      objectReference: {fileID: 7392915268176542936}
    - target: {fileID: 1852111310933606959, guid: 83965d1ed6698dc4ebb053ef490e555b,
        type: 3}
      propertyPath: m_SortingLayerID
      value: 1474038045
      objectReference: {fileID: 0}
    - target: {fileID: 1852111310933606959, guid: 83965d1ed6698dc4ebb053ef490e555b,
        type: 3}
      propertyPath: m_SortingLayer
      value: 5
      objectReference: {fileID: 0}
    - target: {fileID: 1852111310933606959, guid: 83965d1ed6698dc4ebb053ef490e555b,
        type: 3}
      propertyPath: m_Mesh
      value: 
      objectReference: {fileID: 0}
    - target: {fileID: 1852111310933606959, guid: 83965d1ed6698dc4ebb053ef490e555b,
        type: 3}
      propertyPath: m_Bones.Array.data[0]
      value: 
      objectReference: {fileID: 7392915268281350790}
    - target: {fileID: 1852111310933606959, guid: 83965d1ed6698dc4ebb053ef490e555b,
        type: 3}
      propertyPath: m_Bones.Array.data[1]
      value: 
      objectReference: {fileID: 7392915267561207761}
    - target: {fileID: 1852111310933606959, guid: 83965d1ed6698dc4ebb053ef490e555b,
        type: 3}
      propertyPath: m_Bones.Array.data[2]
      value: 
      objectReference: {fileID: 7392915268176542936}
    - target: {fileID: 1852111310933606959, guid: 83965d1ed6698dc4ebb053ef490e555b,
        type: 3}
      propertyPath: m_RootBone
      value: 
      objectReference: {fileID: 7392915268281350790}
    - target: {fileID: 1852111311258788361, guid: 83965d1ed6698dc4ebb053ef490e555b,
        type: 3}
      propertyPath: m_SortingLayerID
      value: 1474038045
      objectReference: {fileID: 0}
    - target: {fileID: 1852111311258788361, guid: 83965d1ed6698dc4ebb053ef490e555b,
        type: 3}
      propertyPath: m_SortingLayer
      value: 5
      objectReference: {fileID: 0}
    - target: {fileID: 1852111311258788361, guid: 83965d1ed6698dc4ebb053ef490e555b,
        type: 3}
      propertyPath: m_Mesh
      value: 
      objectReference: {fileID: 0}
    - target: {fileID: 1852111311258788361, guid: 83965d1ed6698dc4ebb053ef490e555b,
        type: 3}
      propertyPath: m_Bones.Array.data[0]
      value: 
      objectReference: {fileID: 7392915267317427522}
    - target: {fileID: 1852111311258788361, guid: 83965d1ed6698dc4ebb053ef490e555b,
        type: 3}
      propertyPath: m_Bones.Array.data[1]
      value: 
      objectReference: {fileID: 7392915268687725426}
    - target: {fileID: 1852111311258788361, guid: 83965d1ed6698dc4ebb053ef490e555b,
        type: 3}
      propertyPath: m_Bones.Array.data[2]
      value: 
      objectReference: {fileID: 7392915268320141397}
    - target: {fileID: 1852111311258788361, guid: 83965d1ed6698dc4ebb053ef490e555b,
        type: 3}
      propertyPath: m_Bones.Array.data[3]
      value: 
      objectReference: {fileID: 7392915267566261204}
    - target: {fileID: 1852111311258788361, guid: 83965d1ed6698dc4ebb053ef490e555b,
        type: 3}
      propertyPath: m_RootBone
      value: 
      objectReference: {fileID: 7392915267317427522}
    - target: {fileID: 1852111311258788363, guid: 83965d1ed6698dc4ebb053ef490e555b,
        type: 3}
      propertyPath: m_SortingLayerID
      value: 1474038045
      objectReference: {fileID: 0}
    - target: {fileID: 1852111311258788363, guid: 83965d1ed6698dc4ebb053ef490e555b,
        type: 3}
      propertyPath: m_BoneTransforms.Array.data[0]
      value: 
      objectReference: {fileID: 7392915267317427522}
    - target: {fileID: 1852111311258788363, guid: 83965d1ed6698dc4ebb053ef490e555b,
        type: 3}
      propertyPath: m_BoneTransforms.Array.data[1]
      value: 
      objectReference: {fileID: 7392915268687725426}
    - target: {fileID: 1852111311258788363, guid: 83965d1ed6698dc4ebb053ef490e555b,
        type: 3}
      propertyPath: m_BoneTransforms.Array.data[2]
      value: 
      objectReference: {fileID: 7392915268320141397}
    - target: {fileID: 1852111311258788363, guid: 83965d1ed6698dc4ebb053ef490e555b,
        type: 3}
      propertyPath: m_BoneTransforms.Array.data[3]
      value: 
      objectReference: {fileID: 7392915267566261204}
    - target: {fileID: 1852111311225028940, guid: 83965d1ed6698dc4ebb053ef490e555b,
        type: 3}
      propertyPath: m_SortingLayerID
      value: 1474038045
      objectReference: {fileID: 0}
    - target: {fileID: 1852111311225028940, guid: 83965d1ed6698dc4ebb053ef490e555b,
        type: 3}
      propertyPath: m_BoneTransforms.Array.data[0]
      value: 
      objectReference: {fileID: 7392915268715434673}
    - target: {fileID: 1852111311225028940, guid: 83965d1ed6698dc4ebb053ef490e555b,
        type: 3}
      propertyPath: m_BoneTransforms.Array.data[1]
      value: 
      objectReference: {fileID: 7392915268381851593}
    - target: {fileID: 1852111311225028940, guid: 83965d1ed6698dc4ebb053ef490e555b,
        type: 3}
      propertyPath: m_BoneTransforms.Array.data[2]
      value: 
      objectReference: {fileID: 7392915268586903691}
    - target: {fileID: 1852111311225028946, guid: 83965d1ed6698dc4ebb053ef490e555b,
        type: 3}
      propertyPath: m_SortingLayerID
      value: 1474038045
      objectReference: {fileID: 0}
    - target: {fileID: 1852111311225028946, guid: 83965d1ed6698dc4ebb053ef490e555b,
        type: 3}
      propertyPath: m_SortingLayer
      value: 5
      objectReference: {fileID: 0}
    - target: {fileID: 1852111311225028946, guid: 83965d1ed6698dc4ebb053ef490e555b,
        type: 3}
      propertyPath: m_Mesh
      value: 
      objectReference: {fileID: 0}
    - target: {fileID: 1852111311225028946, guid: 83965d1ed6698dc4ebb053ef490e555b,
        type: 3}
      propertyPath: m_Bones.Array.data[0]
      value: 
      objectReference: {fileID: 7392915268715434673}
    - target: {fileID: 1852111311225028946, guid: 83965d1ed6698dc4ebb053ef490e555b,
        type: 3}
      propertyPath: m_Bones.Array.data[1]
      value: 
      objectReference: {fileID: 7392915268381851593}
    - target: {fileID: 1852111311225028946, guid: 83965d1ed6698dc4ebb053ef490e555b,
        type: 3}
      propertyPath: m_Bones.Array.data[2]
      value: 
      objectReference: {fileID: 7392915268586903691}
    - target: {fileID: 1852111311225028946, guid: 83965d1ed6698dc4ebb053ef490e555b,
        type: 3}
      propertyPath: m_RootBone
      value: 
      objectReference: {fileID: 7392915268715434673}
    - target: {fileID: 1562163381, guid: 83965d1ed6698dc4ebb053ef490e555b, type: 3}
      propertyPath: m_TargetTransform
      value: 
      objectReference: {fileID: 7392915268380061952}
    - target: {fileID: 1562163381, guid: 83965d1ed6698dc4ebb053ef490e555b, type: 3}
      propertyPath: m_Solver.m_RootBoneTransform
      value: 
      objectReference: {fileID: 7392915266932927422}
    - target: {fileID: 1562163381, guid: 83965d1ed6698dc4ebb053ef490e555b, type: 3}
      propertyPath: m_Solver.m_SolverPoses.Array.data[0].m_BoneTransform
      value: 
      objectReference: {fileID: 7392915266932927422}
    - target: {fileID: 1562163381, guid: 83965d1ed6698dc4ebb053ef490e555b, type: 3}
      propertyPath: m_Solver.m_SolverPoses.Array.data[0].solverRotation.z
      value: -0.038896482
      objectReference: {fileID: 0}
    - target: {fileID: 1562163381, guid: 83965d1ed6698dc4ebb053ef490e555b, type: 3}
      propertyPath: m_Solver.m_SolverPoses.Array.data[0].solverRotation.w
      value: 0.99924326
      objectReference: {fileID: 0}
    - target: {fileID: 1562163381, guid: 83965d1ed6698dc4ebb053ef490e555b, type: 3}
      propertyPath: m_Solver.m_SolverPoses.Array.data[1].m_BoneTransform
      value: 
      objectReference: {fileID: 7392915268380061952}
    - target: {fileID: 1562163381, guid: 83965d1ed6698dc4ebb053ef490e555b, type: 3}
      propertyPath: m_Solver.m_SolverPoses.Array.data[1].solverRotation.z
      value: 0.013975851
      objectReference: {fileID: 0}
    - target: {fileID: 1562163381, guid: 83965d1ed6698dc4ebb053ef490e555b, type: 3}
      propertyPath: m_Solver.m_SolverPoses.Array.data[1].solverRotation.w
      value: 0.9999023
      objectReference: {fileID: 0}
    - target: {fileID: 1562163381, guid: 83965d1ed6698dc4ebb053ef490e555b, type: 3}
      propertyPath: m_Solver.targetPosition.x
      value: -38.67847
      objectReference: {fileID: 0}
    - target: {fileID: 1562163381, guid: 83965d1ed6698dc4ebb053ef490e555b, type: 3}
      propertyPath: m_Solver.targetPosition.y
      value: 331.8829
      objectReference: {fileID: 0}
    - target: {fileID: 320771917, guid: 83965d1ed6698dc4ebb053ef490e555b, type: 3}
      propertyPath: m_TargetTransform
      value: 
      objectReference: {fileID: 7392915267637708056}
    - target: {fileID: 320771917, guid: 83965d1ed6698dc4ebb053ef490e555b, type: 3}
      propertyPath: m_Solver.m_RootBoneTransform
      value: 
      objectReference: {fileID: 7392915267964492531}
    - target: {fileID: 320771917, guid: 83965d1ed6698dc4ebb053ef490e555b, type: 3}
      propertyPath: m_Solver.m_SolverPoses.Array.data[0].m_BoneTransform
      value: 
      objectReference: {fileID: 7392915267964492531}
    - target: {fileID: 320771917, guid: 83965d1ed6698dc4ebb053ef490e555b, type: 3}
      propertyPath: m_Solver.m_SolverPoses.Array.data[0].solverRotation.z
      value: 0.018199667
      objectReference: {fileID: 0}
    - target: {fileID: 320771917, guid: 83965d1ed6698dc4ebb053ef490e555b, type: 3}
      propertyPath: m_Solver.m_SolverPoses.Array.data[0].solverRotation.w
      value: 0.99983436
      objectReference: {fileID: 0}
    - target: {fileID: 320771917, guid: 83965d1ed6698dc4ebb053ef490e555b, type: 3}
      propertyPath: m_Solver.m_SolverPoses.Array.data[1].m_BoneTransform
      value: 
      objectReference: {fileID: 7392915267637708056}
    - target: {fileID: 320771917, guid: 83965d1ed6698dc4ebb053ef490e555b, type: 3}
      propertyPath: m_Solver.m_SolverPoses.Array.data[1].solverRotation.z
      value: 0.022480167
      objectReference: {fileID: 0}
    - target: {fileID: 320771917, guid: 83965d1ed6698dc4ebb053ef490e555b, type: 3}
      propertyPath: m_Solver.m_SolverPoses.Array.data[1].solverRotation.w
      value: 0.9997473
      objectReference: {fileID: 0}
    - target: {fileID: 320771917, guid: 83965d1ed6698dc4ebb053ef490e555b, type: 3}
      propertyPath: m_Solver.targetPosition.x
      value: -38.613304
      objectReference: {fileID: 0}
    - target: {fileID: 320771917, guid: 83965d1ed6698dc4ebb053ef490e555b, type: 3}
      propertyPath: m_Solver.targetPosition.y
      value: 329.2672
      objectReference: {fileID: 0}
    - target: {fileID: 697858125, guid: 83965d1ed6698dc4ebb053ef490e555b, type: 3}
      propertyPath: m_TargetTransform
      value: 
      objectReference: {fileID: 7392915268176542936}
    - target: {fileID: 697858125, guid: 83965d1ed6698dc4ebb053ef490e555b, type: 3}
      propertyPath: m_Solver.m_RootBoneTransform
      value: 
      objectReference: {fileID: 7392915267561207761}
    - target: {fileID: 697858125, guid: 83965d1ed6698dc4ebb053ef490e555b, type: 3}
      propertyPath: m_Solver.m_SolverPoses.Array.data[0].m_BoneTransform
      value: 
      objectReference: {fileID: 7392915267561207761}
    - target: {fileID: 697858125, guid: 83965d1ed6698dc4ebb053ef490e555b, type: 3}
      propertyPath: m_Solver.m_SolverPoses.Array.data[0].solverRotation.z
      value: 0.041939873
      objectReference: {fileID: 0}
    - target: {fileID: 697858125, guid: 83965d1ed6698dc4ebb053ef490e555b, type: 3}
      propertyPath: m_Solver.m_SolverPoses.Array.data[0].solverRotation.w
      value: 0.9991201
      objectReference: {fileID: 0}
    - target: {fileID: 697858125, guid: 83965d1ed6698dc4ebb053ef490e555b, type: 3}
      propertyPath: m_Solver.m_SolverPoses.Array.data[1].m_BoneTransform
      value: 
      objectReference: {fileID: 7392915268176542936}
    - target: {fileID: 697858125, guid: 83965d1ed6698dc4ebb053ef490e555b, type: 3}
      propertyPath: m_Solver.m_SolverPoses.Array.data[1].solverRotation.z
      value: 0.013308465
      objectReference: {fileID: 0}
    - target: {fileID: 697858125, guid: 83965d1ed6698dc4ebb053ef490e555b, type: 3}
      propertyPath: m_Solver.m_SolverPoses.Array.data[1].solverRotation.w
      value: 0.9999114
      objectReference: {fileID: 0}
    - target: {fileID: 697858125, guid: 83965d1ed6698dc4ebb053ef490e555b, type: 3}
      propertyPath: m_Solver.targetPosition.x
      value: -38.65161
      objectReference: {fileID: 0}
    - target: {fileID: 697858125, guid: 83965d1ed6698dc4ebb053ef490e555b, type: 3}
      propertyPath: m_Solver.targetPosition.y
      value: 329.2613
      objectReference: {fileID: 0}
    - target: {fileID: 1852111312336368468, guid: 83965d1ed6698dc4ebb053ef490e555b,
        type: 3}
      propertyPath: m_Length
      value: 1.4672316
      objectReference: {fileID: 0}
    - target: {fileID: 1852111312336368468, guid: 83965d1ed6698dc4ebb053ef490e555b,
        type: 3}
      propertyPath: m_ChildTransform
      value: 
      objectReference: {fileID: 7392915266932927422}
    - target: {fileID: 1852111312238957688, guid: 83965d1ed6698dc4ebb053ef490e555b,
        type: 3}
      propertyPath: m_LocalRotation.z
      value: 0.041939877
      objectReference: {fileID: 0}
    - target: {fileID: 1852111312238957688, guid: 83965d1ed6698dc4ebb053ef490e555b,
        type: 3}
      propertyPath: m_LocalRotation.w
      value: 0.9991202
      objectReference: {fileID: 0}
    - target: {fileID: 1852111312238957688, guid: 83965d1ed6698dc4ebb053ef490e555b,
        type: 3}
      propertyPath: m_LocalEulerAnglesHint.z
      value: 4.807
      objectReference: {fileID: 0}
    - target: {fileID: 1852111312296601265, guid: 83965d1ed6698dc4ebb053ef490e555b,
        type: 3}
      propertyPath: m_LocalRotation.z
      value: 0.02248017
      objectReference: {fileID: 0}
    - target: {fileID: 1852111312296601265, guid: 83965d1ed6698dc4ebb053ef490e555b,
        type: 3}
      propertyPath: m_LocalRotation.w
      value: 0.99974734
      objectReference: {fileID: 0}
    - target: {fileID: 1852111312296601265, guid: 83965d1ed6698dc4ebb053ef490e555b,
        type: 3}
      propertyPath: m_LocalEulerAnglesHint.z
      value: 2.5760002
      objectReference: {fileID: 0}
    - target: {fileID: 1852111310531784245, guid: 83965d1ed6698dc4ebb053ef490e555b,
        type: 3}
      propertyPath: m_Length
      value: 0.8413326
      objectReference: {fileID: 0}
    - target: {fileID: 1852111310531784245, guid: 83965d1ed6698dc4ebb053ef490e555b,
        type: 3}
      propertyPath: m_ChildTransform
      value: 
      objectReference: {fileID: 7392915267536430159}
    - target: {fileID: 1852111310761081178, guid: 83965d1ed6698dc4ebb053ef490e555b,
        type: 3}
      propertyPath: m_LocalRotation.z
      value: 0.01819967
      objectReference: {fileID: 0}
    - target: {fileID: 1852111310761081178, guid: 83965d1ed6698dc4ebb053ef490e555b,
        type: 3}
      propertyPath: m_LocalRotation.w
      value: 0.9998344
      objectReference: {fileID: 0}
    - target: {fileID: 1852111310761081178, guid: 83965d1ed6698dc4ebb053ef490e555b,
        type: 3}
      propertyPath: m_LocalEulerAnglesHint.z
      value: 2.0860002
      objectReference: {fileID: 0}
    - target: {fileID: 1852111310683709297, guid: 83965d1ed6698dc4ebb053ef490e555b,
        type: 3}
      propertyPath: m_LocalRotation.z
      value: 0.013308465
      objectReference: {fileID: 0}
    - target: {fileID: 1852111310683709297, guid: 83965d1ed6698dc4ebb053ef490e555b,
        type: 3}
      propertyPath: m_LocalRotation.w
      value: 0.9999114
      objectReference: {fileID: 0}
    - target: {fileID: 1852111310683709297, guid: 83965d1ed6698dc4ebb053ef490e555b,
        type: 3}
      propertyPath: m_LocalEulerAnglesHint.z
      value: 1.5250001
      objectReference: {fileID: 0}
    - target: {fileID: 1852111311050776055, guid: 83965d1ed6698dc4ebb053ef490e555b,
        type: 3}
      propertyPath: m_LocalRotation.z
      value: 0
      objectReference: {fileID: 0}
    - target: {fileID: 1852111311050776055, guid: 83965d1ed6698dc4ebb053ef490e555b,
        type: 3}
      propertyPath: m_LocalRotation.w
      value: 1
      objectReference: {fileID: 0}
    - target: {fileID: 1852111311050776055, guid: 83965d1ed6698dc4ebb053ef490e555b,
        type: 3}
      propertyPath: m_LocalEulerAnglesHint.z
      value: 0
      objectReference: {fileID: 0}
    - target: {fileID: 1852111310883033769, guid: 83965d1ed6698dc4ebb053ef490e555b,
        type: 3}
      propertyPath: m_LocalRotation.z
      value: 0.013975852
      objectReference: {fileID: 0}
    - target: {fileID: 1852111310883033769, guid: 83965d1ed6698dc4ebb053ef490e555b,
        type: 3}
      propertyPath: m_LocalRotation.w
      value: 0.99990237
      objectReference: {fileID: 0}
    - target: {fileID: 1852111310883033769, guid: 83965d1ed6698dc4ebb053ef490e555b,
        type: 3}
      propertyPath: m_LocalEulerAnglesHint.z
      value: 1.6020001
      objectReference: {fileID: 0}
    - target: {fileID: 1852111311218422041, guid: 83965d1ed6698dc4ebb053ef490e555b,
        type: 3}
      propertyPath: m_Length
      value: 0.8463914
      objectReference: {fileID: 0}
    - target: {fileID: 1852111311218422041, guid: 83965d1ed6698dc4ebb053ef490e555b,
        type: 3}
      propertyPath: m_ChildTransform
      value: 
      objectReference: {fileID: 7392915268381851593}
    - target: {fileID: 1852111311927314448, guid: 83965d1ed6698dc4ebb053ef490e555b,
        type: 3}
      propertyPath: m_Length
      value: 0.73019326
      objectReference: {fileID: 0}
    - target: {fileID: 1852111311927314448, guid: 83965d1ed6698dc4ebb053ef490e555b,
        type: 3}
      propertyPath: m_ChildTransform
      value: 
      objectReference: {fileID: 7392915268380061952}
    - target: {fileID: 1852111311927314448, guid: 83965d1ed6698dc4ebb053ef490e555b,
        type: 3}
      propertyPath: m_AttachedIK
      value: 
      objectReference: {fileID: 9163959000867068700}
    - target: {fileID: 1852111311758624062, guid: 83965d1ed6698dc4ebb053ef490e555b,
        type: 3}
      propertyPath: m_Length
      value: 1.1266971
      objectReference: {fileID: 0}
    - target: {fileID: 1852111311758624062, guid: 83965d1ed6698dc4ebb053ef490e555b,
        type: 3}
      propertyPath: m_ChildTransform
      value: 
      objectReference: {fileID: 7392915267964492531}
    - target: {fileID: 1852111312262416359, guid: 83965d1ed6698dc4ebb053ef490e555b,
        type: 3}
      propertyPath: m_Length
      value: 0.8678051
      objectReference: {fileID: 0}
    - target: {fileID: 1852111312262416359, guid: 83965d1ed6698dc4ebb053ef490e555b,
        type: 3}
      propertyPath: m_ChildTransform
      value: 
      objectReference: {fileID: 7392915268212260446}
    - target: {fileID: 1852111312262416359, guid: 83965d1ed6698dc4ebb053ef490e555b,
        type: 3}
      propertyPath: m_AttachedIK
      value: 
      objectReference: {fileID: 7392915266689475359}
    - target: {fileID: 1852111311115704616, guid: 83965d1ed6698dc4ebb053ef490e555b,
        type: 3}
      propertyPath: m_Length
      value: 1.1215523
      objectReference: {fileID: 0}
    - target: {fileID: 1852111311115704616, guid: 83965d1ed6698dc4ebb053ef490e555b,
        type: 3}
      propertyPath: m_ChildTransform
      value: 
      objectReference: {fileID: 7392915267561207761}
    - target: {fileID: 1852111310880660577, guid: 83965d1ed6698dc4ebb053ef490e555b,
        type: 3}
      propertyPath: m_Length
      value: 0.8757841
      objectReference: {fileID: 0}
    - target: {fileID: 1852111310880660577, guid: 83965d1ed6698dc4ebb053ef490e555b,
        type: 3}
      propertyPath: m_ChildTransform
      value: 
      objectReference: {fileID: 7392915268586903691}
    - target: {fileID: 1852111310880660577, guid: 83965d1ed6698dc4ebb053ef490e555b,
        type: 3}
      propertyPath: m_AttachedIK
      value: 
      objectReference: {fileID: 7392915267399693909}
    - target: {fileID: 1852111311555114682, guid: 83965d1ed6698dc4ebb053ef490e555b,
        type: 3}
      propertyPath: m_Length
      value: 0.19999135
      objectReference: {fileID: 0}
    - target: {fileID: 1852111311555114682, guid: 83965d1ed6698dc4ebb053ef490e555b,
        type: 3}
      propertyPath: m_ChildTransform
      value: 
      objectReference: {fileID: 7392915267878350700}
    - target: {fileID: 1852111311659045542, guid: 83965d1ed6698dc4ebb053ef490e555b,
        type: 3}
      propertyPath: m_Length
      value: 0.52215683
      objectReference: {fileID: 0}
    - target: {fileID: 1852111311659045542, guid: 83965d1ed6698dc4ebb053ef490e555b,
        type: 3}
      propertyPath: m_ChildTransform
      value: 
      objectReference: {fileID: 7392915266937320440}
    - target: {fileID: 1852111311803812603, guid: 83965d1ed6698dc4ebb053ef490e555b,
        type: 3}
      propertyPath: m_Length
      value: 0.79705083
      objectReference: {fileID: 0}
    - target: {fileID: 1852111311803812603, guid: 83965d1ed6698dc4ebb053ef490e555b,
        type: 3}
      propertyPath: m_ChildTransform
      value: 
      objectReference: {fileID: 7392915267949923405}
    - target: {fileID: 1852111311760553340, guid: 83965d1ed6698dc4ebb053ef490e555b,
        type: 3}
      propertyPath: m_Length
      value: 0.5182217
      objectReference: {fileID: 0}
    - target: {fileID: 1852111311760553340, guid: 83965d1ed6698dc4ebb053ef490e555b,
        type: 3}
      propertyPath: m_ChildTransform
      value: 
      objectReference: {fileID: 7392915267135193958}
    - target: {fileID: 1852111311746258128, guid: 83965d1ed6698dc4ebb053ef490e555b,
        type: 3}
      propertyPath: m_Length
      value: 0.99998003
      objectReference: {fileID: 0}
    - target: {fileID: 1852111311746258128, guid: 83965d1ed6698dc4ebb053ef490e555b,
        type: 3}
      propertyPath: m_ChildTransform
      value: 
      objectReference: {fileID: 7392915266922670419}
    - target: {fileID: 1852111312127500488, guid: 83965d1ed6698dc4ebb053ef490e555b,
        type: 3}
      propertyPath: m_Length
      value: 0.60858184
      objectReference: {fileID: 0}
    - target: {fileID: 1852111312127500488, guid: 83965d1ed6698dc4ebb053ef490e555b,
        type: 3}
      propertyPath: m_ChildTransform
      value: 
      objectReference: {fileID: 7392915268600670717}
    - target: {fileID: 1852111311944814308, guid: 83965d1ed6698dc4ebb053ef490e555b,
        type: 3}
      propertyPath: m_Length
      value: 0.6382324
      objectReference: {fileID: 0}
    - target: {fileID: 1852111311944814308, guid: 83965d1ed6698dc4ebb053ef490e555b,
        type: 3}
      propertyPath: m_ChildTransform
      value: 
      objectReference: {fileID: 7392915268687725426}
    - target: {fileID: 1852111312027369811, guid: 83965d1ed6698dc4ebb053ef490e555b,
        type: 3}
      propertyPath: m_Length
      value: 0.19381933
      objectReference: {fileID: 0}
    - target: {fileID: 1852111312027369811, guid: 83965d1ed6698dc4ebb053ef490e555b,
        type: 3}
      propertyPath: m_ChildTransform
      value: 
      objectReference: {fileID: 7392915268083732999}
    - target: {fileID: 1852111312238957689, guid: 83965d1ed6698dc4ebb053ef490e555b,
        type: 3}
      propertyPath: m_Length
      value: 1.938626
      objectReference: {fileID: 0}
    - target: {fileID: 1852111312238957689, guid: 83965d1ed6698dc4ebb053ef490e555b,
        type: 3}
      propertyPath: m_ChildTransform
      value: 
      objectReference: {fileID: 7392915268176542936}
    - target: {fileID: 1852111312238957689, guid: 83965d1ed6698dc4ebb053ef490e555b,
        type: 3}
      propertyPath: m_AttachedIK
      value: 
      objectReference: {fileID: 9163959002133437412}
    - target: {fileID: 1852111312296601266, guid: 83965d1ed6698dc4ebb053ef490e555b,
        type: 3}
      propertyPath: m_AttachedIK
      value: 
      objectReference: {fileID: 9163959001974502628}
    - target: {fileID: 1852111310580707847, guid: 83965d1ed6698dc4ebb053ef490e555b,
        type: 3}
      propertyPath: m_Length
      value: 0.9829389
      objectReference: {fileID: 0}
    - target: {fileID: 1852111310580707847, guid: 83965d1ed6698dc4ebb053ef490e555b,
        type: 3}
      propertyPath: m_ChildTransform
      value: 
      objectReference: {fileID: 7392915267114645374}
    - target: {fileID: 1852111310367384325, guid: 83965d1ed6698dc4ebb053ef490e555b,
        type: 3}
      propertyPath: m_Length
      value: 0.97631943
      objectReference: {fileID: 0}
    - target: {fileID: 1852111310367384325, guid: 83965d1ed6698dc4ebb053ef490e555b,
        type: 3}
      propertyPath: m_ChildTransform
      value: 
      objectReference: {fileID: 7392915266664657164}
    - target: {fileID: 1852111310775906277, guid: 83965d1ed6698dc4ebb053ef490e555b,
        type: 3}
      propertyPath: m_Length
      value: 0.37699383
      objectReference: {fileID: 0}
    - target: {fileID: 1852111310775906277, guid: 83965d1ed6698dc4ebb053ef490e555b,
        type: 3}
      propertyPath: m_ChildTransform
      value: 
      objectReference: {fileID: 7392915268262846218}
    - target: {fileID: 1852111310761081179, guid: 83965d1ed6698dc4ebb053ef490e555b,
        type: 3}
      propertyPath: m_Length
      value: 1.9491512
      objectReference: {fileID: 0}
    - target: {fileID: 1852111310761081179, guid: 83965d1ed6698dc4ebb053ef490e555b,
        type: 3}
      propertyPath: m_ChildTransform
      value: 
      objectReference: {fileID: 7392915267637708056}
    - target: {fileID: 1852111310761081179, guid: 83965d1ed6698dc4ebb053ef490e555b,
        type: 3}
      propertyPath: m_AttachedIK
      value: 
      objectReference: {fileID: 9163959001974502628}
    - target: {fileID: 1852111310849381820, guid: 83965d1ed6698dc4ebb053ef490e555b,
        type: 3}
      propertyPath: m_Length
      value: 0.95764214
      objectReference: {fileID: 0}
    - target: {fileID: 1852111310849381820, guid: 83965d1ed6698dc4ebb053ef490e555b,
        type: 3}
      propertyPath: m_ChildTransform
      value: 
      objectReference: {fileID: 7392915268591152472}
    - target: {fileID: 1852111310641246639, guid: 83965d1ed6698dc4ebb053ef490e555b,
        type: 3}
      propertyPath: m_Length
      value: 0.24540934
      objectReference: {fileID: 0}
    - target: {fileID: 1852111310641246639, guid: 83965d1ed6698dc4ebb053ef490e555b,
        type: 3}
      propertyPath: m_ChildTransform
      value: 
      objectReference: {fileID: 7392915266634110224}
    - target: {fileID: 1852111310683709298, guid: 83965d1ed6698dc4ebb053ef490e555b,
        type: 3}
      propertyPath: m_AttachedIK
      value: 
      objectReference: {fileID: 9163959002133437412}
    - target: {fileID: 1852111311050776048, guid: 83965d1ed6698dc4ebb053ef490e555b,
        type: 3}
      propertyPath: m_AttachedIK
      value: 
      objectReference: {fileID: 7392915266689475359}
    - target: {fileID: 1852111311024385542, guid: 83965d1ed6698dc4ebb053ef490e555b,
        type: 3}
      propertyPath: m_Length
      value: 0.2999878
      objectReference: {fileID: 0}
    - target: {fileID: 1852111311024385542, guid: 83965d1ed6698dc4ebb053ef490e555b,
        type: 3}
      propertyPath: m_ChildTransform
      value: 
      objectReference: {fileID: 7392915267099563754}
    - target: {fileID: 1852111311000714460, guid: 83965d1ed6698dc4ebb053ef490e555b,
        type: 3}
      propertyPath: m_Length
      value: 0.4985251
      objectReference: {fileID: 0}
    - target: {fileID: 1852111311000714460, guid: 83965d1ed6698dc4ebb053ef490e555b,
        type: 3}
      propertyPath: m_ChildTransform
      value: 
      objectReference: {fileID: 7392915267448757030}
    - target: {fileID: 1852111311076901885, guid: 83965d1ed6698dc4ebb053ef490e555b,
        type: 3}
      propertyPath: m_Length
      value: 0.32186353
      objectReference: {fileID: 0}
    - target: {fileID: 1852111311076901885, guid: 83965d1ed6698dc4ebb053ef490e555b,
        type: 3}
      propertyPath: m_ChildTransform
      value: 
      objectReference: {fileID: 7392915267566261204}
    - target: {fileID: 1852111310883033770, guid: 83965d1ed6698dc4ebb053ef490e555b,
        type: 3}
      propertyPath: m_AttachedIK
      value: 
      objectReference: {fileID: 9163959000867068700}
    - target: {fileID: 1852111311347874595, guid: 83965d1ed6698dc4ebb053ef490e555b,
        type: 3}
      propertyPath: m_AttachedIK
      value: 
      objectReference: {fileID: 7392915267399693909}
    - target: {fileID: 1852111311343685362, guid: 83965d1ed6698dc4ebb053ef490e555b,
        type: 3}
      propertyPath: m_Length
      value: 0.92144936
      objectReference: {fileID: 0}
    - target: {fileID: 1852111311343685362, guid: 83965d1ed6698dc4ebb053ef490e555b,
        type: 3}
      propertyPath: m_ChildTransform
      value: 
      objectReference: {fileID: 7392915267822420141}
    - target: {fileID: 1852111311245271252, guid: 83965d1ed6698dc4ebb053ef490e555b,
        type: 3}
      propertyPath: m_Length
      value: 0.54460096
      objectReference: {fileID: 0}
    - target: {fileID: 1852111311245271252, guid: 83965d1ed6698dc4ebb053ef490e555b,
        type: 3}
      propertyPath: m_ChildTransform
      value: 
      objectReference: {fileID: 7392915268320141397}
    m_RemovedComponents: []
  m_SourcePrefab: {fileID: 100100000, guid: 83965d1ed6698dc4ebb053ef490e555b, type: 3}
--- !u!4 &7392915268380061952 stripped
Transform:
  m_CorrespondingSourceObject: {fileID: 1852111310883033769, guid: 83965d1ed6698dc4ebb053ef490e555b,
    type: 3}
  m_PrefabInstance: {fileID: 9163959001756492713}
  m_PrefabAsset: {fileID: 0}
--- !u!4 &7392915268238249388 stripped
Transform:
  m_CorrespondingSourceObject: {fileID: 1852111311024385541, guid: 83965d1ed6698dc4ebb053ef490e555b,
    type: 3}
  m_PrefabInstance: {fileID: 9163959001756492713}
  m_PrefabAsset: {fileID: 0}
--- !u!4 &7392915267099563754 stripped
Transform:
  m_CorrespondingSourceObject: {fileID: 1852111311760553283, guid: 83965d1ed6698dc4ebb053ef490e555b,
    type: 3}
  m_PrefabInstance: {fileID: 9163959001756492713}
  m_PrefabAsset: {fileID: 0}
--- !u!4 &7392915267135193958 stripped
Transform:
  m_CorrespondingSourceObject: {fileID: 1852111312127500495, guid: 83965d1ed6698dc4ebb053ef490e555b,
    type: 3}
  m_PrefabInstance: {fileID: 9163959001756492713}
  m_PrefabAsset: {fileID: 0}
--- !u!4 &7392915268600670717 stripped
Transform:
  m_CorrespondingSourceObject: {fileID: 1852111311332264532, guid: 83965d1ed6698dc4ebb053ef490e555b,
    type: 3}
  m_PrefabInstance: {fileID: 9163959001756492713}
  m_PrefabAsset: {fileID: 0}
--- !u!4 &7392915267370590971 stripped
Transform:
  m_CorrespondingSourceObject: {fileID: 1852111312027369810, guid: 83965d1ed6698dc4ebb053ef490e555b,
    type: 3}
  m_PrefabInstance: {fileID: 9163959001756492713}
  m_PrefabAsset: {fileID: 0}
--- !u!4 &7392915268083732999 stripped
Transform:
  m_CorrespondingSourceObject: {fileID: 1852111310641246638, guid: 83965d1ed6698dc4ebb053ef490e555b,
    type: 3}
  m_PrefabInstance: {fileID: 9163959001756492713}
  m_PrefabAsset: {fileID: 0}
--- !u!4 &7392915266634110224 stripped
Transform:
  m_CorrespondingSourceObject: {fileID: 1852111311555114681, guid: 83965d1ed6698dc4ebb053ef490e555b,
    type: 3}
  m_PrefabInstance: {fileID: 9163959001756492713}
  m_PrefabAsset: {fileID: 0}
--- !u!4 &7392915267878350700 stripped
Transform:
  m_CorrespondingSourceObject: {fileID: 1852111310444235973, guid: 83965d1ed6698dc4ebb053ef490e555b,
    type: 3}
  m_PrefabInstance: {fileID: 9163959001756492713}
  m_PrefabAsset: {fileID: 0}
--- !u!4 &7392915267121499483 stripped
Transform:
  m_CorrespondingSourceObject: {fileID: 1852111311738416882, guid: 83965d1ed6698dc4ebb053ef490e555b,
    type: 3}
  m_PrefabInstance: {fileID: 9163959001756492713}
  m_PrefabAsset: {fileID: 0}
--- !u!4 &7392915266782553886 stripped
Transform:
  m_CorrespondingSourceObject: {fileID: 1852111311405745335, guid: 83965d1ed6698dc4ebb053ef490e555b,
    type: 3}
  m_PrefabInstance: {fileID: 9163959001756492713}
  m_PrefabAsset: {fileID: 0}
--- !u!4 &7392915267317427522 stripped
Transform:
  m_CorrespondingSourceObject: {fileID: 1852111311944814315, guid: 83965d1ed6698dc4ebb053ef490e555b,
    type: 3}
  m_PrefabInstance: {fileID: 9163959001756492713}
  m_PrefabAsset: {fileID: 0}
--- !u!4 &7392915268687725426 stripped
Transform:
  m_CorrespondingSourceObject: {fileID: 1852111311245271259, guid: 83965d1ed6698dc4ebb053ef490e555b,
    type: 3}
  m_PrefabInstance: {fileID: 9163959001756492713}
  m_PrefabAsset: {fileID: 0}
--- !u!4 &7392915268320141397 stripped
Transform:
  m_CorrespondingSourceObject: {fileID: 1852111311076901884, guid: 83965d1ed6698dc4ebb053ef490e555b,
    type: 3}
  m_PrefabInstance: {fileID: 9163959001756492713}
  m_PrefabAsset: {fileID: 0}
--- !u!4 &7392915267566261204 stripped
Transform:
  m_CorrespondingSourceObject: {fileID: 1852111312233508989, guid: 83965d1ed6698dc4ebb053ef490e555b,
    type: 3}
  m_PrefabInstance: {fileID: 9163959001756492713}
  m_PrefabAsset: {fileID: 0}
--- !u!4 &7392915268010866218 stripped
Transform:
  m_CorrespondingSourceObject: {fileID: 1852111310849381763, guid: 83965d1ed6698dc4ebb053ef490e555b,
    type: 3}
  m_PrefabInstance: {fileID: 9163959001756492713}
  m_PrefabAsset: {fileID: 0}
--- !u!4 &7392915268591152472 stripped
Transform:
  m_CorrespondingSourceObject: {fileID: 1852111311343685361, guid: 83965d1ed6698dc4ebb053ef490e555b,
    type: 3}
  m_PrefabInstance: {fileID: 9163959001756492713}
  m_PrefabAsset: {fileID: 0}
--- !u!4 &7392915267822420141 stripped
Transform:
  m_CorrespondingSourceObject: {fileID: 1852111310367384324, guid: 83965d1ed6698dc4ebb053ef490e555b,
    type: 3}
  m_PrefabInstance: {fileID: 9163959001756492713}
  m_PrefabAsset: {fileID: 0}
--- !u!4 &7392915266664657164 stripped
Transform:
  m_CorrespondingSourceObject: {fileID: 1852111311659045541, guid: 83965d1ed6698dc4ebb053ef490e555b,
    type: 3}
  m_PrefabInstance: {fileID: 9163959001756492713}
  m_PrefabAsset: {fileID: 0}
--- !u!4 &7392915266937320440 stripped
Transform:
  m_CorrespondingSourceObject: {fileID: 1852111311923318865, guid: 83965d1ed6698dc4ebb053ef490e555b,
    type: 3}
  m_PrefabInstance: {fileID: 9163959001756492713}
  m_PrefabAsset: {fileID: 0}
--- !u!4 &7392915267742142895 stripped
Transform:
  m_CorrespondingSourceObject: {fileID: 1852111310580707846, guid: 83965d1ed6698dc4ebb053ef490e555b,
    type: 3}
  m_PrefabInstance: {fileID: 9163959001756492713}
  m_PrefabAsset: {fileID: 0}
--- !u!4 &7392915267114645374 stripped
Transform:
  m_CorrespondingSourceObject: {fileID: 1852111311746258135, guid: 83965d1ed6698dc4ebb053ef490e555b,
    type: 3}
  m_PrefabInstance: {fileID: 9163959001756492713}
  m_PrefabAsset: {fileID: 0}
--- !u!4 &7392915266922670419 stripped
Transform:
  m_CorrespondingSourceObject: {fileID: 1852111311803812602, guid: 83965d1ed6698dc4ebb053ef490e555b,
    type: 3}
  m_PrefabInstance: {fileID: 9163959001756492713}
  m_PrefabAsset: {fileID: 0}
--- !u!4 &7392915267949923405 stripped
Transform:
  m_CorrespondingSourceObject: {fileID: 1852111310775906276, guid: 83965d1ed6698dc4ebb053ef490e555b,
    type: 3}
  m_PrefabInstance: {fileID: 9163959001756492713}
  m_PrefabAsset: {fileID: 0}
--- !u!4 &7392915268262846218 stripped
Transform:
  m_CorrespondingSourceObject: {fileID: 1852111311000714403, guid: 83965d1ed6698dc4ebb053ef490e555b,
    type: 3}
  m_PrefabInstance: {fileID: 9163959001756492713}
  m_PrefabAsset: {fileID: 0}
--- !u!4 &7392915267448757030 stripped
Transform:
  m_CorrespondingSourceObject: {fileID: 1852111312350886031, guid: 83965d1ed6698dc4ebb053ef490e555b,
    type: 3}
  m_PrefabInstance: {fileID: 9163959001756492713}
  m_PrefabAsset: {fileID: 0}
--- !u!4 &7392915267101877908 stripped
Transform:
  m_CorrespondingSourceObject: {fileID: 1852111311758624061, guid: 83965d1ed6698dc4ebb053ef490e555b,
    type: 3}
  m_PrefabInstance: {fileID: 9163959001756492713}
  m_PrefabAsset: {fileID: 0}
--- !u!4 &7392915267964492531 stripped
Transform:
  m_CorrespondingSourceObject: {fileID: 1852111310761081178, guid: 83965d1ed6698dc4ebb053ef490e555b,
    type: 3}
  m_PrefabInstance: {fileID: 9163959001756492713}
  m_PrefabAsset: {fileID: 0}
--- !u!4 &7392915267637708056 stripped
Transform:
  m_CorrespondingSourceObject: {fileID: 1852111312296601265, guid: 83965d1ed6698dc4ebb053ef490e555b,
    type: 3}
  m_PrefabInstance: {fileID: 9163959001756492713}
  m_PrefabAsset: {fileID: 0}
--- !u!4 &7392915268281350790 stripped
Transform:
  m_CorrespondingSourceObject: {fileID: 1852111311115704623, guid: 83965d1ed6698dc4ebb053ef490e555b,
    type: 3}
  m_PrefabInstance: {fileID: 9163959001756492713}
  m_PrefabAsset: {fileID: 0}
--- !u!4 &7392915267561207761 stripped
Transform:
  m_CorrespondingSourceObject: {fileID: 1852111312238957688, guid: 83965d1ed6698dc4ebb053ef490e555b,
    type: 3}
  m_PrefabInstance: {fileID: 9163959001756492713}
  m_PrefabAsset: {fileID: 0}
--- !u!4 &7392915268176542936 stripped
Transform:
  m_CorrespondingSourceObject: {fileID: 1852111310683709297, guid: 83965d1ed6698dc4ebb053ef490e555b,
    type: 3}
  m_PrefabInstance: {fileID: 9163959001756492713}
  m_PrefabAsset: {fileID: 0}
--- !u!4 &7392915268715434673 stripped
Transform:
  m_CorrespondingSourceObject: {fileID: 1852111311218422040, guid: 83965d1ed6698dc4ebb053ef490e555b,
    type: 3}
  m_PrefabInstance: {fileID: 9163959001756492713}
  m_PrefabAsset: {fileID: 0}
--- !u!4 &7392915268381851593 stripped
Transform:
  m_CorrespondingSourceObject: {fileID: 1852111310880660576, guid: 83965d1ed6698dc4ebb053ef490e555b,
    type: 3}
  m_PrefabInstance: {fileID: 9163959001756492713}
  m_PrefabAsset: {fileID: 0}
--- !u!4 &7392915267815879853 stripped
Transform:
  m_CorrespondingSourceObject: {fileID: 1852111310373410564, guid: 83965d1ed6698dc4ebb053ef490e555b,
    type: 3}
  m_PrefabInstance: {fileID: 9163959001756492713}
  m_PrefabAsset: {fileID: 0}
--- !u!4 &7392915267791785373 stripped
Transform:
  m_CorrespondingSourceObject: {fileID: 1852111310531784244, guid: 83965d1ed6698dc4ebb053ef490e555b,
    type: 3}
  m_PrefabInstance: {fileID: 9163959001756492713}
  m_PrefabAsset: {fileID: 0}
--- !u!4 &7392915267536430159 stripped
Transform:
  m_CorrespondingSourceObject: {fileID: 1852111312262416358, guid: 83965d1ed6698dc4ebb053ef490e555b,
    type: 3}
  m_PrefabInstance: {fileID: 9163959001756492713}
  m_PrefabAsset: {fileID: 0}
--- !u!4 &7392915268212260446 stripped
Transform:
  m_CorrespondingSourceObject: {fileID: 1852111311050776055, guid: 83965d1ed6698dc4ebb053ef490e555b,
    type: 3}
  m_PrefabInstance: {fileID: 9163959001756492713}
  m_PrefabAsset: {fileID: 0}
--- !u!114 &7392915267399693909 stripped
MonoBehaviour:
  m_CorrespondingSourceObject: {fileID: 1852111311997752828, guid: 83965d1ed6698dc4ebb053ef490e555b,
    type: 3}
  m_PrefabInstance: {fileID: 9163959001756492713}
  m_PrefabAsset: {fileID: 0}
  m_GameObject: {fileID: 0}
  m_Enabled: 1
  m_EditorHideFlags: 0
  m_Script: {fileID: 11500000, guid: 99091f75dac5d4ede961d37f71798fc6, type: 3}
  m_Name: 
  m_EditorClassIdentifier: 
--- !u!114 &7392915266689475359 stripped
MonoBehaviour:
  m_CorrespondingSourceObject: {fileID: 1852111311633563830, guid: 83965d1ed6698dc4ebb053ef490e555b,
    type: 3}
  m_PrefabInstance: {fileID: 9163959001756492713}
  m_PrefabAsset: {fileID: 0}
  m_GameObject: {fileID: 0}
  m_Enabled: 1
  m_EditorHideFlags: 0
  m_Script: {fileID: 11500000, guid: 99091f75dac5d4ede961d37f71798fc6, type: 3}
  m_Name: 
  m_EditorClassIdentifier: 
--- !u!4 &7392915268586903691 stripped
Transform:
  m_CorrespondingSourceObject: {fileID: 1852111311347874594, guid: 83965d1ed6698dc4ebb053ef490e555b,
    type: 3}
  m_PrefabInstance: {fileID: 9163959001756492713}
  m_PrefabAsset: {fileID: 0}
--- !u!114 &9163959002133437412 stripped
MonoBehaviour:
  m_CorrespondingSourceObject: {fileID: 697858125, guid: 83965d1ed6698dc4ebb053ef490e555b,
    type: 3}
  m_PrefabInstance: {fileID: 9163959001756492713}
  m_PrefabAsset: {fileID: 0}
  m_GameObject: {fileID: 0}
  m_Enabled: 1
  m_EditorHideFlags: 0
  m_Script: {fileID: 11500000, guid: 99091f75dac5d4ede961d37f71798fc6, type: 3}
  m_Name: 
  m_EditorClassIdentifier: 
--- !u!114 &9163959000867068700 stripped
MonoBehaviour:
  m_CorrespondingSourceObject: {fileID: 1562163381, guid: 83965d1ed6698dc4ebb053ef490e555b,
    type: 3}
  m_PrefabInstance: {fileID: 9163959001756492713}
  m_PrefabAsset: {fileID: 0}
  m_GameObject: {fileID: 0}
  m_Enabled: 1
  m_EditorHideFlags: 0
  m_Script: {fileID: 11500000, guid: 99091f75dac5d4ede961d37f71798fc6, type: 3}
  m_Name: 
  m_EditorClassIdentifier: 
--- !u!4 &7392915266831706090 stripped
Transform:
  m_CorrespondingSourceObject: {fileID: 1852111311490548803, guid: 83965d1ed6698dc4ebb053ef490e555b,
    type: 3}
  m_PrefabInstance: {fileID: 9163959001756492713}
  m_PrefabAsset: {fileID: 0}
--- !u!4 &7392915267463598322 stripped
Transform:
  m_CorrespondingSourceObject: {fileID: 1852111312336368475, guid: 83965d1ed6698dc4ebb053ef490e555b,
    type: 3}
  m_PrefabInstance: {fileID: 9163959001756492713}
  m_PrefabAsset: {fileID: 0}
--- !u!4 &7392915266932927422 stripped
Transform:
  m_CorrespondingSourceObject: {fileID: 1852111311927314455, guid: 83965d1ed6698dc4ebb053ef490e555b,
    type: 3}
  m_PrefabInstance: {fileID: 9163959001756492713}
  m_PrefabAsset: {fileID: 0}
--- !u!114 &9163959001974502628 stripped
MonoBehaviour:
  m_CorrespondingSourceObject: {fileID: 320771917, guid: 83965d1ed6698dc4ebb053ef490e555b,
    type: 3}
  m_PrefabInstance: {fileID: 9163959001756492713}
  m_PrefabAsset: {fileID: 0}
  m_GameObject: {fileID: 0}
  m_Enabled: 1
  m_EditorHideFlags: 0
  m_Script: {fileID: 11500000, guid: 99091f75dac5d4ede961d37f71798fc6, type: 3}
  m_Name: 
  m_EditorClassIdentifier: 
